@incollection{baron98,
	title = {The Role of Rating Agencies in the Securitization Process},
	author = {Neil D. Baron},
	year = {1998},
	booktitle = {A Primer on Securitization},
	editor = {Leon T. Kendall and Michael J. Fishman},
	pages = {17-29},
	publisher = {MIT Press},
	address = {Cambridge, MA},
}
@article{becketti89,
	title = {The Prepayment Risk of Mortgage-Backed Securities},
	author = {Sean Becketti},
	year = {1989},
	journal = {Federal Reserve Bank of Kansas City Economic Review},
	month = {February},
}
@article{brendsel98,
	title = {Securitization's Role in Housing Finance: The Special Contributions of the Government-Sponsored Enterprises},
	author = {Leland C. Brendsel},
	year = {1998},
	book = {A Primer on Securitization},
	editor = {Leon T. Kendall and Michael J. Fishman},
	pages = {17-29},
	publisher = {MIT Press},
	address = {Cambridge, MA},
}
@article{cpi09,
	author = {Center for Public Integrity},
	title = {No. 17 of the Subprime 25: Encore Credit Corp/ECC Capital Corp./Bear Stearns Cos. Inc.},
	year = {2009},
	journal = {Center for Public Integrity},
	month = {May},
	day = {6},
}
@article{doj13,
	author = {Department of Justice},
	title = {Justice Department, Federal and State Partners Secure Record \$13 Billion Global Settlement with JPMorgan for Misleading Investors About Securities Containing Toxic Mortgages},
	year = {2013},
	journal = {Department of Justice Office of Public Affairs},
	month = {November},
	day = {19},
}
@article{eavis13,
	author = {Peter Eavis and Ben Protess},
	title = {Considering the Fairness of JPMorgan's Deal},
	year = {2013},
	journal = {The New York Times},
	month = {October},
	day = {21},
}
@article{efing14,
	author = {Matthias Efing and Harald Hau},
	title = {Structured Debt Ratings: Evidence on Conflicts of Interest},
	year = {2014},
	journal = {Journal of Financial Economics},
	volume = {116},
	issue = {1},
	pages = {46-60},
}
@article{ftc08,
	author = {Federal Trade Commission},
	title = {Bear Stearns and EMC Mortgage to Pay \$28 Million to Settle FTC Charges of Unlawful Mortgage Servicing and Debt Collection Practices},
	year = {2008},
	month = {September},
	day = {9},
}
@article{fcic09,
	author = {Financial Crisis Inquiry Commission},
	title = {Report Pursuant to Section 129 of the Emergency Economic Stabilization Act of 2008: Loan To Facilitate the Acquisition of The Bear Steans Companies, Inc. by JPMorgan Chase \& Co.},
	year = {2009},
	journal = {Rock Center for Corporate Governance and Stanford Law School},
}
@article{gibbs13,
	author = {Gibbs \& Bruns LLP},
	title = {\$4.5 Billion Settlement with JPMorgan On Behalf of 21 Institutional Investors},
	year = {2013},
	month = {November},
	day = {15},
}
@techreport{gorton12,
	author = {Gary Gorton and Andrew Metrick},
	title = {Securitization},
	year = {2012},
	institution = {National Bureau of Economic Research},
	type = {Working Paper},
	number = {18611},
}
@book{rosenthal88,
	title = {Securitization of Credit: Inside the New Technology of Finance},
	author = {James A. Rosenthal and Juan M. Ocampo},
	year = {1988},
	publisher = {John Wiley \& Sons, Inc.},
	address = {New York},
}
@article{schaefer12,
	author = {Steve Schaefer},
	title = {NY Fed Says Maiden Lane Loans From AIG, Bear Stearns Rescues Have Been Paid Back},
	journal = {Forbes},
	year = {2012},
	month = {June},
	day = {14},
}
@incollection{scheicher17,
	title = {Securitization: Key Trends Since the Crisis},
	author = {Martin Scheicher and Stephanie Wehmeyer},
	year = {2017},
	booktitle = {Securitization: Past, Present and Future},
	editor = {Solomon Y. Deku and Alper Kara},
	pages = {145-167},
	publisher = {Palgrave Macmillan},
	address = {London},
}
@techreport{segoviano13,
	author = {Miguel Segoviano and Bradley Jones and Peter Lindner and Johannes Blankenheim},
	title = {Securitization: Lessons Learned and the Road Ahead},
	year = {2013},
	institution = {International Monetary Fund},
}
@misc{sec13,
	author = {Securities and Exchange Commission},
	title = {United States Securities and Exchange Commission v. J.P. Morgan Securities LLC, EMC Mortgage LLC, Bear Stearns Asset Backed Securities I, LLC, Structured Asset Mortgage Investments II, Inc., SACO I, Inc., and JP Morgan Acceptance Corporation},
	year = {2013},
}
